
@ONLINE{Primes,
author = {Olivier Ramar√©},
title = {Explicit bounds on primes},
month = {dec},
year = {2012},
url = {http://math.univ-lille1.fr/~ramare/TME-EMT/Articles/Art01.html}
}